%YAML 1.1
%TAG !u! tag:unity3d.com,2011:
--- !u!29 &1
OcclusionCullingSettings:
  m_ObjectHideFlags: 0
  serializedVersion: 2
  m_OcclusionBakeSettings:
    smallestOccluder: 5
    smallestHole: 0.25
    backfaceThreshold: 100
  m_SceneGUID: 00000000000000000000000000000000
  m_OcclusionCullingData: {fileID: 0}
--- !u!104 &2
RenderSettings:
  m_ObjectHideFlags: 0
  serializedVersion: 8
  m_Fog: 0
  m_FogColor: {r: 0.5, g: 0.5, b: 0.5, a: 1}
  m_FogMode: 3
  m_FogDensity: 0.01
  m_LinearFogStart: 0
  m_LinearFogEnd: 300
  m_AmbientSkyColor: {r: 0, g: 0, b: 0, a: 1}
  m_AmbientEquatorColor: {r: 0.114, g: 0.125, b: 0.133, a: 1}
  m_AmbientGroundColor: {r: 0.047, g: 0.043, b: 0.035, a: 1}
  m_AmbientIntensity: 1
  m_AmbientMode: 3
  m_SubtractiveShadowColor: {r: 0.42, g: 0.478, b: 0.627, a: 1}
  m_SkyboxMaterial: {fileID: 0}
  m_HaloStrength: 0.5
  m_FlareStrength: 1
  m_FlareFadeSpeed: 3
  m_HaloTexture: {fileID: 0}
  m_SpotCookie: {fileID: 10001, guid: 0000000000000000e000000000000000, type: 0}
  m_DefaultReflectionMode: 0
  m_DefaultReflectionResolution: 128
  m_ReflectionBounces: 1
  m_ReflectionIntensity: 1
  m_CustomReflection: {fileID: 0}
  m_Sun: {fileID: 0}
  m_IndirectSpecularColor: {r: 0, g: 0, b: 0, a: 1}
--- !u!157 &3
LightmapSettings:
  m_ObjectHideFlags: 0
  serializedVersion: 9
  m_GIWorkflowMode: 0
  m_GISettings:
    serializedVersion: 2
    m_BounceScale: 1
    m_IndirectOutputScale: 1
    m_AlbedoBoost: 1
    m_TemporalCoherenceThreshold: 1
    m_EnvironmentLightingMode: 0
    m_EnableBakedLightmaps: 1
    m_EnableRealtimeLightmaps: 1
  m_LightmapEditorSettings:
    serializedVersion: 8
    m_Resolution: 2
    m_BakeResolution: 40
    m_TextureWidth: 1024
    m_TextureHeight: 1024
    m_AO: 0
    m_AOMaxDistance: 1
    m_CompAOExponent: 1
    m_CompAOExponentDirect: 0
    m_Padding: 2
    m_LightmapParameters: {fileID: 0}
    m_LightmapsBakeMode: 1
    m_TextureCompression: 1
    m_FinalGather: 0
    m_FinalGatherFiltering: 1
    m_FinalGatherRayCount: 256
    m_ReflectionCompression: 2
    m_MixedBakeMode: 1
    m_BakeBackend: 0
    m_PVRSampling: 1
    m_PVRDirectSampleCount: 32
    m_PVRSampleCount: 500
    m_PVRBounces: 2
    m_PVRFiltering: 0
    m_PVRFilteringMode: 1
    m_PVRCulling: 1
    m_PVRFilteringGaussRadiusDirect: 1
    m_PVRFilteringGaussRadiusIndirect: 5
    m_PVRFilteringGaussRadiusAO: 2
    m_PVRFilteringAtrousColorSigma: 1
    m_PVRFilteringAtrousNormalSigma: 1
    m_PVRFilteringAtrousPositionSigma: 1
  m_LightingDataAsset: {fileID: 0}
  m_ShadowMaskMode: 2
--- !u!196 &4
NavMeshSettings:
  serializedVersion: 2
  m_ObjectHideFlags: 0
  m_BuildSettings:
    serializedVersion: 2
    agentTypeID: 0
    agentRadius: 0.5
    agentHeight: 2
    agentSlope: 45
    agentClimb: 0.4
    ledgeDropHeight: 0
    maxJumpAcrossDistance: 0
    minRegionArea: 2
    manualCellSize: 0
    cellSize: 0.16666667
    manualTileSize: 0
    tileSize: 256
    accuratePlacement: 0
  m_NavMeshData: {fileID: 0}
--- !u!1 &104661981
GameObject:
  m_ObjectHideFlags: 0
  m_PrefabParentObject: {fileID: 0}
  m_PrefabInternal: {fileID: 0}
  serializedVersion: 5
  m_Component:
  - component: {fileID: 104661983}
  - component: {fileID: 104661982}
  - component: {fileID: 104661992}
  - component: {fileID: 104661985}
  - component: {fileID: 104661995}
  - component: {fileID: 104661993}
  - component: {fileID: 104661990}
  - component: {fileID: 104661989}
  - component: {fileID: 104661991}
  - component: {fileID: 104661984}
  - component: {fileID: 104661986}
  - component: {fileID: 104661996}
  - component: {fileID: 104661994}
  - component: {fileID: 104661987}
  - component: {fileID: 104661988}
  - component: {fileID: 104661997}
  m_Layer: 0
  m_Name: Generator
  m_TagString: Untagged
  m_Icon: {fileID: 3936346786652291628, guid: 0000000000000000d000000000000000, type: 0}
  m_NavMeshLayer: 0
  m_StaticEditorFlags: 0
  m_IsActive: 1
--- !u!114 &104661982
MonoBehaviour:
  m_ObjectHideFlags: 0
  m_PrefabParentObject: {fileID: 0}
  m_PrefabInternal: {fileID: 0}
  m_GameObject: {fileID: 104661981}
  m_Enabled: 1
  m_EditorHideFlags: 0
  m_Script: {fileID: 11500000, guid: 983e95fef23b8f74b95ed645f324f3c6, type: 3}
  m_Name: 
  m_EditorClassIdentifier: 
  directionPoint: {fileID: 1109613175}
--- !u!4 &104661983
Transform:
  m_ObjectHideFlags: 0
  m_PrefabParentObject: {fileID: 0}
  m_PrefabInternal: {fileID: 0}
  m_GameObject: {fileID: 104661981}
  m_LocalRotation: {x: 0, y: 0, z: 0, w: 1}
  m_LocalPosition: {x: 539.7, y: 2.96, z: 0}
  m_LocalScale: {x: 1, y: 1, z: 1}
  m_Children:
  - {fileID: 1347882343}
  - {fileID: 222994137}
  - {fileID: 1109613176}
  m_Father: {fileID: 0}
  m_RootOrder: 0
  m_LocalEulerAnglesHint: {x: 0, y: 0, z: 0}
--- !u!114 &104661984
MonoBehaviour:
  m_ObjectHideFlags: 0
  m_PrefabParentObject: {fileID: 0}
  m_PrefabInternal: {fileID: 0}
  m_GameObject: {fileID: 104661981}
  m_Enabled: 1
  m_EditorHideFlags: 0
  m_Script: {fileID: 11500000, guid: ff90ddce2ae4fef44a754382972b60e2, type: 3}
  m_Name: 
  m_EditorClassIdentifier: 
  _intervalTime: 0.3
  _difficultyIntervalTime: 0.3
--- !u!114 &104661985
MonoBehaviour:
  m_ObjectHideFlags: 3
  m_PrefabParentObject: {fileID: 0}
  m_PrefabInternal: {fileID: 0}
  m_GameObject: {fileID: 104661981}
  m_Enabled: 0
  m_EditorHideFlags: 0
  m_Script: {fileID: 11500000, guid: 14a75ff2c1b15da43922445291211466, type: 3}
  m_Name: 
  m_EditorClassIdentifier: 
  FsmHash: 0
  _isTransition: 0
--- !u!114 &104661986
MonoBehaviour:
  m_ObjectHideFlags: 3
  m_PrefabParentObject: {fileID: 0}
  m_PrefabInternal: {fileID: 0}
  m_GameObject: {fileID: 104661981}
  m_Enabled: 0
  m_EditorHideFlags: 0
  m_Script: {fileID: 11500000, guid: c7b74a28920740245805595a1b9e59fb, type: 3}
  m_Name: 
  m_EditorClassIdentifier: 
  _StateMachine: {fileID: 104661989}
  _StateID: 1976681210
  expanded: 1
  _BehaviourEnabled: 1
  _baseModificator: {fileID: 11400000, guid: 2b8f1c3550d1b1c4b88f1059e492e874, type: 2}
  _listStateLink:
  - name: Color3
    stateID: 132679328
    immediateTransition: 0
    lineEnable: 1
    lineStart: {x: -463, y: 313}
    lineStartTangent: {x: -413, y: 313}
    lineEnd: {x: -276, y: -184}
    lineEndTangent: {x: -326, y: -184}
    lineColorChanged: 0
    lineColor: {r: 1, g: 1, b: 1, a: 1}
  - name: color2
    stateID: 787814235
    immediateTransition: 0
    lineEnable: 1
    lineStart: {x: -463, y: 329}
    lineStartTangent: {x: -413, y: 329}
    lineEnd: {x: -276, y: 80}
    lineEndTangent: {x: -326, y: 80}
    lineColorChanged: 0
    lineColor: {r: 1, g: 1, b: 1, a: 1}
  - name: color1
    stateID: 1746430907
    immediateTransition: 0
    lineEnable: 1
    lineStart: {x: -463, y: 345}
    lineStartTangent: {x: -413, y: 345}
    lineEnd: {x: -276, y: 344}
    lineEndTangent: {x: -326, y: 344}
    lineColorChanged: 0
    lineColor: {r: 1, g: 1, b: 1, a: 1}
--- !u!114 &104661987
MonoBehaviour:
  m_ObjectHideFlags: 3
  m_PrefabParentObject: {fileID: 0}
  m_PrefabInternal: {fileID: 0}
  m_GameObject: {fileID: 104661981}
  m_Enabled: 0
  m_EditorHideFlags: 0
  m_Script: {fileID: 11500000, guid: c7b74a28920740245805595a1b9e59fb, type: 3}
  m_Name: 
  m_EditorClassIdentifier: 
  _StateMachine: {fileID: 104661989}
  _StateID: 1516180604
  expanded: 1
  _BehaviourEnabled: 1
  _baseModificator: {fileID: 11400000, guid: 7b3671ee040d2a9488184a7d24f63ec1, type: 2}
  _listStateLink: []
--- !u!114 &104661988
MonoBehaviour:
  m_ObjectHideFlags: 3
  m_PrefabParentObject: {fileID: 0}
  m_PrefabInternal: {fileID: 0}
  m_GameObject: {fileID: 104661981}
  m_Enabled: 0
  m_EditorHideFlags: 0
  m_Script: {fileID: 11500000, guid: c7b74a28920740245805595a1b9e59fb, type: 3}
  m_Name: 
  m_EditorClassIdentifier: 
  _StateMachine: {fileID: 104661989}
  _StateID: 132679328
  expanded: 1
  _BehaviourEnabled: 1
  _baseModificator: {fileID: 11400000, guid: 7c36ec59f6517d44b83448b67b3d872d, type: 2}
  _listStateLink:
  - name: scale
    stateID: 1516180604
    immediateTransition: 0
    lineEnable: 1
    lineStart: {x: 16, y: -11}
    lineStartTangent: {x: 66, y: -11}
    lineEnd: {x: 120, y: -172}
    lineEndTangent: {x: 70, y: -172}
    lineColorChanged: 0
    lineColor: {r: 1, g: 1, b: 1, a: 1}
--- !u!114 &104661989
MonoBehaviour:
  m_ObjectHideFlags: 0
  m_PrefabParentObject: {fileID: 0}
  m_PrefabInternal: {fileID: 0}
  m_GameObject: {fileID: 104661981}
  m_Enabled: 1
  m_EditorHideFlags: 0
  m_Script: {fileID: 11500000, guid: 3982f3d49853bb44283cd1fcef05a3dc, type: 3}
  m_Name: 
  m_EditorClassIdentifier: 
  fsmName: Generator
  _StartStateID: 1976681210
  _States:
  - _StateMachine: {fileID: 104661989}
    position:
      serializedVersion: 2
      x: -756
      y: -204
      width: 300
      height: 557
    _StateID: 1976681210
    _Resident: 0
    _Behaviours:
    - {fileID: 104661986}
    _BreakPoint: 0
    name: prefab
  - _StateMachine: {fileID: 104661989}
    position:
      serializedVersion: 2
      x: -276
      y: 48
      width: 300
      height: 213
    _StateID: 787814235
    _Resident: 0
    _Behaviours:
    - {fileID: 104661996}
    _BreakPoint: 0
    name: color2
  - _StateMachine: {fileID: 104661989}
    position:
      serializedVersion: 2
      x: -276
      y: 312
      width: 300
      height: 138
    _StateID: 1746430907
    _Resident: 0
    _Behaviours:
    - {fileID: 104661994}
    _BreakPoint: 0
    name: color1
  - _StateMachine: {fileID: 104661989}
    position:
      serializedVersion: 2
      x: 120
      y: -204
      width: 300
      height: 138
    _StateID: 1516180604
    _Resident: 0
    _Behaviours:
    - {fileID: 104661987}
    _BreakPoint: 0
    name: scale
  - _StateMachine: {fileID: 104661989}
    position:
      serializedVersion: 2
      x: -276
      y: -216
      width: 300
      height: 213
    _StateID: 132679328
    _Resident: 0
    _Behaviours:
    - {fileID: 104661988}
    _BreakPoint: 0
    name: Color3
  - _StateMachine: {fileID: 104661989}
    position:
      serializedVersion: 2
      x: 120
      y: 60
      width: 300
      height: 138
    _StateID: 327313629
    _Resident: 0
    _Behaviours:
    - {fileID: 104661997}
    _BreakPoint: 0
    name: New State
  _Comments: []
  _Calculators: []
  _CalculatorBranchies: []
--- !u!114 &104661990
MonoBehaviour:
  m_ObjectHideFlags: 3
  m_PrefabParentObject: {fileID: 0}
  m_PrefabInternal: {fileID: 0}
  m_GameObject: {fileID: 104661981}
  m_Enabled: 0
  m_EditorHideFlags: 0
  m_Script: {fileID: 11500000, guid: 14a75ff2c1b15da43922445291211466, type: 3}
  m_Name: 
  m_EditorClassIdentifier: 
  FsmHash: 0
  _isTransition: 0
--- !u!114 &104661991
MonoBehaviour:
  m_ObjectHideFlags: 0
  m_PrefabParentObject: {fileID: 0}
  m_PrefabInternal: {fileID: 0}
  m_GameObject: {fileID: 104661981}
  m_Enabled: 1
  m_EditorHideFlags: 0
  m_Script: {fileID: 11500000, guid: 7a8d3c302be90204cbc8ecfb247d1199, type: 3}
  m_Name: 
  m_EditorClassIdentifier: 
--- !u!114 &104661992
MonoBehaviour:
  m_ObjectHideFlags: 2
  m_PrefabParentObject: {fileID: 0}
  m_PrefabInternal: {fileID: 0}
  m_GameObject: {fileID: 104661981}
  m_Enabled: 0
  m_EditorHideFlags: 0
  m_Script: {fileID: 11500000, guid: 402f2297df829be4da95e2d35120563b, type: 3}
  m_Name: 
  m_EditorClassIdentifier: 
--- !u!114 &104661993
MonoBehaviour:
  m_ObjectHideFlags: 3
  m_PrefabParentObject: {fileID: 0}
  m_PrefabInternal: {fileID: 0}
  m_GameObject: {fileID: 104661981}
  m_Enabled: 0
  m_EditorHideFlags: 0
  m_Script: {fileID: 11500000, guid: 14a75ff2c1b15da43922445291211466, type: 3}
  m_Name: 
  m_EditorClassIdentifier: 
  FsmHash: 0
  _isTransition: 0
--- !u!114 &104661994
MonoBehaviour:
  m_ObjectHideFlags: 3
  m_PrefabParentObject: {fileID: 0}
  m_PrefabInternal: {fileID: 0}
  m_GameObject: {fileID: 104661981}
  m_Enabled: 0
  m_EditorHideFlags: 0
  m_Script: {fileID: 11500000, guid: c7b74a28920740245805595a1b9e59fb, type: 3}
  m_Name: 
  m_EditorClassIdentifier: 
  _StateMachine: {fileID: 104661989}
  _StateID: 1746430907
  expanded: 1
  _BehaviourEnabled: 1
  _baseModificator: {fileID: 11400000, guid: f4b44cee5545d44479818e13783a67f7, type: 2}
  _listStateLink: []
--- !u!114 &104661995
MonoBehaviour:
  m_ObjectHideFlags: 3
  m_PrefabParentObject: {fileID: 0}
  m_PrefabInternal: {fileID: 0}
  m_GameObject: {fileID: 104661981}
  m_Enabled: 0
  m_EditorHideFlags: 0
  m_Script: {fileID: 11500000, guid: 14a75ff2c1b15da43922445291211466, type: 3}
  m_Name: 
  m_EditorClassIdentifier: 
  FsmHash: 0
  _isTransition: 0
--- !u!114 &104661996
MonoBehaviour:
  m_ObjectHideFlags: 3
  m_PrefabParentObject: {fileID: 0}
  m_PrefabInternal: {fileID: 0}
  m_GameObject: {fileID: 104661981}
  m_Enabled: 0
  m_EditorHideFlags: 0
  m_Script: {fileID: 11500000, guid: c7b74a28920740245805595a1b9e59fb, type: 3}
  m_Name: 
  m_EditorClassIdentifier: 
  _StateMachine: {fileID: 104661989}
  _StateID: 787814235
  expanded: 1
  _BehaviourEnabled: 1
  _baseModificator: {fileID: 11400000, guid: ce0d368e5b82af7418ecd2697cf36499, type: 2}
  _listStateLink:
  - name: New State
    stateID: 327313629
    immediateTransition: 0
    lineEnable: 1
    lineStart: {x: 16, y: 253}
    lineStartTangent: {x: 66, y: 253}
    lineEnd: {x: 120, y: 92}
    lineEndTangent: {x: 70, y: 92}
    lineColorChanged: 0
    lineColor: {r: 1, g: 1, b: 1, a: 1}
--- !u!114 &104661997
MonoBehaviour:
  m_ObjectHideFlags: 3
  m_PrefabParentObject: {fileID: 0}
  m_PrefabInternal: {fileID: 0}
  m_GameObject: {fileID: 104661981}
  m_Enabled: 0
  m_EditorHideFlags: 0
  m_Script: {fileID: 11500000, guid: c7b74a28920740245805595a1b9e59fb, type: 3}
  m_Name: 
  m_EditorClassIdentifier: 
  _StateMachine: {fileID: 104661989}
  _StateID: 327313629
  expanded: 1
  _BehaviourEnabled: 1
  _baseModificator: {fileID: 11400000, guid: 19bb98eece8cba140ba1dbc16e502868, type: 2}
  _listStateLink: []
--- !u!1 &222994136
GameObject:
  m_ObjectHideFlags: 0
  m_PrefabParentObject: {fileID: 0}
  m_PrefabInternal: {fileID: 0}
  serializedVersion: 5
  m_Component:
  - component: {fileID: 222994137}
  - component: {fileID: 222994140}
  - component: {fileID: 222994139}
  - component: {fileID: 222994138}
  m_Layer: 0
  m_Name: Cube
  m_TagString: Untagged
  m_Icon: {fileID: 0}
  m_NavMeshLayer: 0
  m_StaticEditorFlags: 0
  m_IsActive: 1
--- !u!4 &222994137
Transform:
  m_ObjectHideFlags: 0
  m_PrefabParentObject: {fileID: 0}
  m_PrefabInternal: {fileID: 0}
  m_GameObject: {fileID: 222994136}
  m_LocalRotation: {x: 0, y: 0, z: 0, w: 1}
  m_LocalPosition: {x: 0, y: 0, z: 0}
  m_LocalScale: {x: 1.2919075, y: 1.2919072, z: 1.2919072}
  m_Children: []
  m_Father: {fileID: 104661983}
  m_RootOrder: 1
  m_LocalEulerAnglesHint: {x: 0, y: 0, z: 0}
--- !u!23 &222994138
MeshRenderer:
  m_ObjectHideFlags: 0
  m_PrefabParentObject: {fileID: 0}
  m_PrefabInternal: {fileID: 0}
  m_GameObject: {fileID: 222994136}
  m_Enabled: 1
  m_CastShadows: 1
  m_ReceiveShadows: 1
  m_MotionVectors: 1
  m_LightProbeUsage: 1
  m_ReflectionProbeUsage: 1
  m_Materials:
  - {fileID: 2100000, guid: 81b759ab502023649849125d699de763, type: 2}
  m_StaticBatchInfo:
    firstSubMesh: 0
    subMeshCount: 0
  m_StaticBatchRoot: {fileID: 0}
  m_ProbeAnchor: {fileID: 0}
  m_LightProbeVolumeOverride: {fileID: 0}
  m_ScaleInLightmap: 1
  m_PreserveUVs: 1
  m_IgnoreNormalsForChartDetection: 0
  m_ImportantGI: 0
  m_SelectedEditorRenderState: 3
  m_MinimumChartSize: 4
  m_AutoUVMaxDistance: 0.5
  m_AutoUVMaxAngle: 89
  m_LightmapParameters: {fileID: 0}
  m_SortingLayerID: 0
  m_SortingLayer: 0
  m_SortingOrder: 0
--- !u!65 &222994139
BoxCollider:
  m_ObjectHideFlags: 0
  m_PrefabParentObject: {fileID: 0}
  m_PrefabInternal: {fileID: 0}
  m_GameObject: {fileID: 222994136}
  m_Material: {fileID: 0}
  m_IsTrigger: 0
  m_Enabled: 1
  serializedVersion: 2
  m_Size: {x: 1, y: 1, z: 1}
  m_Center: {x: 0, y: 0, z: 0}
--- !u!33 &222994140
MeshFilter:
  m_ObjectHideFlags: 0
  m_PrefabParentObject: {fileID: 0}
  m_PrefabInternal: {fileID: 0}
  m_GameObject: {fileID: 222994136}
  m_Mesh: {fileID: 10202, guid: 0000000000000000e000000000000000, type: 0}
--- !u!1 &489223022
GameObject:
  m_ObjectHideFlags: 0
  m_PrefabParentObject: {fileID: 0}
  m_PrefabInternal: {fileID: 0}
  serializedVersion: 5
  m_Component:
  - component: {fileID: 489223023}
  m_Layer: 0
  m_Name: StaticEnviroment
  m_TagString: Untagged
  m_Icon: {fileID: 0}
  m_NavMeshLayer: 0
  m_StaticEditorFlags: 0
  m_IsActive: 1
--- !u!4 &489223023
Transform:
  m_ObjectHideFlags: 0
  m_PrefabParentObject: {fileID: 0}
  m_PrefabInternal: {fileID: 0}
  m_GameObject: {fileID: 489223022}
  m_LocalRotation: {x: 0, y: 0, z: 0, w: 1}
  m_LocalPosition: {x: 515.54254, y: 52.810577, z: 8.817322}
  m_LocalScale: {x: 1, y: 1, z: 1}
  m_Children:
  - {fileID: 1687580539}
  - {fileID: 1481993462}
  m_Father: {fileID: 0}
  m_RootOrder: 1
  m_LocalEulerAnglesHint: {x: 0, y: 0, z: 0}
--- !u!1 &1109613175
GameObject:
  m_ObjectHideFlags: 0
  m_PrefabParentObject: {fileID: 0}
  m_PrefabInternal: {fileID: 0}
  serializedVersion: 5
  m_Component:
  - component: {fileID: 1109613176}
  m_Layer: 0
  m_Name: Direction
  m_TagString: Untagged
  m_Icon: {fileID: 5132851093641282708, guid: 0000000000000000d000000000000000, type: 0}
  m_NavMeshLayer: 0
  m_StaticEditorFlags: 0
  m_IsActive: 1
--- !u!4 &1109613176
Transform:
  m_ObjectHideFlags: 0
  m_PrefabParentObject: {fileID: 0}
  m_PrefabInternal: {fileID: 0}
  m_GameObject: {fileID: 1109613175}
  m_LocalRotation: {x: -0, y: -0, z: -0, w: 1}
  m_LocalPosition: {x: -0.1, y: 0, z: 0}
  m_LocalScale: {x: 1, y: 1, z: 1}
  m_Children: []
  m_Father: {fileID: 104661983}
  m_RootOrder: 2
  m_LocalEulerAnglesHint: {x: 0, y: 0, z: 0}
--- !u!1 &1347882338
GameObject:
  m_ObjectHideFlags: 0
  m_PrefabParentObject: {fileID: 0}
  m_PrefabInternal: {fileID: 0}
  serializedVersion: 5
  m_Component:
  - component: {fileID: 1347882343}
  - component: {fileID: 1347882342}
  - component: {fileID: 1347882341}
  - component: {fileID: 1347882340}
  - component: {fileID: 1347882339}
  m_Layer: 0
  m_Name: Main Camera
  m_TagString: MainCamera
  m_Icon: {fileID: -1412012063857583412, guid: 0000000000000000d000000000000000, type: 0}
  m_NavMeshLayer: 0
  m_StaticEditorFlags: 0
  m_IsActive: 1
--- !u!81 &1347882339
AudioListener:
  m_ObjectHideFlags: 0
  m_PrefabParentObject: {fileID: 0}
  m_PrefabInternal: {fileID: 0}
  m_GameObject: {fileID: 1347882338}
  m_Enabled: 1
--- !u!124 &1347882340
Behaviour:
  m_ObjectHideFlags: 0
  m_PrefabParentObject: {fileID: 0}
  m_PrefabInternal: {fileID: 0}
  m_GameObject: {fileID: 1347882338}
  m_Enabled: 1
--- !u!92 &1347882341
Behaviour:
  m_ObjectHideFlags: 0
  m_PrefabParentObject: {fileID: 0}
  m_PrefabInternal: {fileID: 0}
  m_GameObject: {fileID: 1347882338}
  m_Enabled: 1
--- !u!20 &1347882342
Camera:
  m_ObjectHideFlags: 0
  m_PrefabParentObject: {fileID: 0}
  m_PrefabInternal: {fileID: 0}
  m_GameObject: {fileID: 1347882338}
  m_Enabled: 1
  serializedVersion: 2
  m_ClearFlags: 1
  m_BackGroundColor: {r: 0.350346, g: 0.48396075, b: 0.5955882, a: 1}
  m_NormalizedViewPortRect:
    serializedVersion: 2
    x: 0
    y: 0
    width: 1
    height: 1
  near clip plane: 0.3
  far clip plane: 1000
  field of view: 60
  orthographic: 0
  orthographic size: 5
  m_Depth: 0
  m_CullingMask:
    serializedVersion: 2
    m_Bits: 4294967295
  m_RenderingPath: -1
  m_TargetTexture: {fileID: 0}
  m_TargetDisplay: 0
  m_TargetEye: 3
  m_HDR: 0
  m_AllowMSAA: 1
  m_ForceIntoRT: 0
  m_OcclusionCulling: 1
  m_StereoConvergence: 10
  m_StereoSeparation: 0.022
  m_StereoMirrorMode: 0
--- !u!4 &1347882343
Transform:
  m_ObjectHideFlags: 0
  m_PrefabParentObject: {fileID: 0}
  m_PrefabInternal: {fileID: 0}
  m_GameObject: {fileID: 1347882338}
  m_LocalRotation: {x: 0, y: -0.9809213, z: 0.19440551, w: 0}
  m_LocalPosition: {x: 15.48, y: 5.72, z: 12.13}
  m_LocalScale: {x: 1, y: 1, z: 1}
  m_Children: []
  m_Father: {fileID: 104661983}
  m_RootOrder: 0
  m_LocalEulerAnglesHint: {x: 22.42, y: -180, z: 0}
--- !u!1 &1481993460
GameObject:
  m_ObjectHideFlags: 0
  m_PrefabParentObject: {fileID: 0}
  m_PrefabInternal: {fileID: 0}
  serializedVersion: 5
  m_Component:
  - component: {fileID: 1481993462}
  - component: {fileID: 1481993461}
  m_Layer: 0
  m_Name: Directional light
  m_TagString: Untagged
  m_Icon: {fileID: 0}
  m_NavMeshLayer: 0
  m_StaticEditorFlags: 0
  m_IsActive: 1
--- !u!108 &1481993461
Light:
  m_ObjectHideFlags: 0
  m_PrefabParentObject: {fileID: 0}
  m_PrefabInternal: {fileID: 0}
  m_GameObject: {fileID: 1481993460}
  m_Enabled: 1
  serializedVersion: 8
  m_Type: 1
  m_Color: {r: 1, g: 1, b: 1, a: 1}
  m_Intensity: 1
  m_Range: 10
  m_SpotAngle: 30
  m_CookieSize: 10
  m_Shadows:
    m_Type: 2
    m_Resolution: -1
    m_CustomResolution: -1
    m_Strength: 1
    m_Bias: 0.05
    m_NormalBias: 0.4
    m_NearPlane: 0.2
  m_Cookie: {fileID: 0}
  m_DrawHalo: 0
  m_Flare: {fileID: 0}
  m_RenderMode: 0
  m_CullingMask:
    serializedVersion: 2
    m_Bits: 4294967295
  m_Lightmapping: 4
  m_AreaSize: {x: 1, y: 1}
  m_BounceIntensity: 1
  m_ColorTemperature: 6570
  m_UseColorTemperature: 0
  m_ShadowRadius: 0
  m_ShadowAngle: 0
--- !u!4 &1481993462
Transform:
  m_ObjectHideFlags: 0
  m_PrefabParentObject: {fileID: 0}
  m_PrefabInternal: {fileID: 0}
  m_GameObject: {fileID: 1481993460}
  m_LocalRotation: {x: -0.22423851, y: -0.6506764, z: 0.69027406, w: 0.22329128}
  m_LocalPosition: {x: 25.742981, y: -48.37071, z: -6.8151646}
  m_LocalScale: {x: 1, y: 1, z: 1}
  m_Children: []
  m_Father: {fileID: 489223023}
  m_RootOrder: 1
  m_LocalEulerAnglesHint: {x: 127.04599, y: -264.984, z: -84.902985}
--- !u!1 &1687580535
GameObject:
  m_ObjectHideFlags: 0
  m_PrefabParentObject: {fileID: 0}
  m_PrefabInternal: {fileID: 0}
  serializedVersion: 5
  m_Component:
  - component: {fileID: 1687580539}
  - component: {fileID: 1687580538}
  - component: {fileID: 1687580537}
  - component: {fileID: 1687580536}
  m_Layer: 0
  m_Name: Cube
  m_TagString: Untagged
  m_Icon: {fileID: 0}
  m_NavMeshLayer: 0
  m_StaticEditorFlags: 0
  m_IsActive: 1
--- !u!23 &1687580536
MeshRenderer:
  m_ObjectHideFlags: 0
  m_PrefabParentObject: {fileID: 0}
  m_PrefabInternal: {fileID: 0}
  m_GameObject: {fileID: 1687580535}
  m_Enabled: 1
  m_CastShadows: 1
  m_ReceiveShadows: 1
  m_MotionVectors: 1
  m_LightProbeUsage: 1
  m_ReflectionProbeUsage: 1
  m_Materials:
  - {fileID: 10303, guid: 0000000000000000f000000000000000, type: 0}
  m_StaticBatchInfo:
    firstSubMesh: 0
    subMeshCount: 0
  m_StaticBatchRoot: {fileID: 0}
  m_ProbeAnchor: {fileID: 0}
  m_LightProbeVolumeOverride: {fileID: 0}
  m_ScaleInLightmap: 1
  m_PreserveUVs: 1
  m_IgnoreNormalsForChartDetection: 0
  m_ImportantGI: 0
  m_SelectedEditorRenderState: 3
  m_MinimumChartSize: 4
  m_AutoUVMaxDistance: 0.5
  m_AutoUVMaxAngle: 89
  m_LightmapParameters: {fileID: 0}
  m_SortingLayerID: 0
  m_SortingLayer: 0
  m_SortingOrder: 0
--- !u!65 &1687580537
BoxCollider:
  m_ObjectHideFlags: 0
  m_PrefabParentObject: {fileID: 0}
  m_PrefabInternal: {fileID: 0}
  m_GameObject: {fileID: 1687580535}
  m_Material: {fileID: 0}
  m_IsTrigger: 0
  m_Enabled: 1
  serializedVersion: 2
  m_Size: {x: 1, y: 1, z: 1}
  m_Center: {x: 0, y: 0, z: 0}
--- !u!33 &1687580538
MeshFilter:
  m_ObjectHideFlags: 0
  m_PrefabParentObject: {fileID: 0}
  m_PrefabInternal: {fileID: 0}
  m_GameObject: {fileID: 1687580535}
  m_Mesh: {fileID: 10202, guid: 0000000000000000e000000000000000, type: 0}
--- !u!4 &1687580539
Transform:
  m_ObjectHideFlags: 0
  m_PrefabParentObject: {fileID: 0}
  m_PrefabInternal: {fileID: 0}
  m_GameObject: {fileID: 1687580535}
  m_LocalRotation: {x: -0, y: -0, z: -0, w: 1}
  m_LocalPosition: {x: -515.54254, y: -52.810577, z: -8.817322}
  m_LocalScale: {x: 1309.7965, y: 0.14049631, z: 947.30347}
  m_Children: []
  m_Father: {fileID: 489223023}
  m_RootOrder: 0
  m_LocalEulerAnglesHint: {x: 0, y: 0, z: 0}
